@inproceedings{Dwyer::1999,
 author = {Dwyer, Matthew B. and Avrunin, George S. and Corbett, James C.},
 title = {Patterns in Property Specifications for Finite-state Verification},
 booktitle = {Proceedings of the 21st International Conference on Software Engineering},
 series = {ICSE '99},
 year = {1999},
 isbn = {1-58113-074-0},
 location = {Los Angeles, California, USA},
 pages = {411--420},
 numpages = {10},
 url = {http://doi.acm.org/10.1145/302405.302672},
 doi = {10.1145/302405.302672},
 acmid = {302672},
 publisher = {ACM},
 address = {New York, NY, USA},
 keywords = {concurrent systems, finite-state verification, formal specification, patterns}
}

@article{corbett2002expressing,
  title={Expressing checkable properties of dynamic systems: the Bandera Specification Language},
  author={Corbett, James C and Dwyer, Matthew B and Hatcliff, John},
  journal={International Journal on Software Tools for Technology Transfer (STTT)},
  volume={4},
  number={1},
  pages={34--56},
  year={2002},
  publisher={Springer}
}
